% This file was created with JabRef 2.10.
% Encoding: UTF-8


@InProceedings{Allard:2005vk,
  Title                    = {{The trigger system of the Pierre Auger Surface Detector:
 operation, efficiency and stablility}},
  Author                   = {Allard, D. and others},
  Booktitle                = {{29th International Cosmic Ray Conference (ICRC 2005)
 Pune, India, August 3-11, 2005}},
  Year                     = {2005},
  Note                     = {[7,287(2005)]},
  Pages                    = {287},

  Archiveprefix            = {arXiv},
  Collaboration            = {Pierre Auger},
  Eprint                   = {astro-ph/0510320},
  Primaryclass             = {astro-ph},
  Reportnumber             = {FERMILAB-CONF-05-310-E-TD},
  Slaccitation             = {%%CITATION = ASTRO-PH/0510320;%%},
  Url                      = {http://www.adsabs.harvard.edu/abs/astro-ph/0510320}
}

@Article{Allekotte2008409,
  Title                    = {{The surface detector system of the Pierre Auger Observatory} },
  Author                   = {I. Allekotte and A.F. Barbosa and P. Bauleo and C. Bonifazi and B. Civit and C.O. Escobar and B. García and G. Guedes and M. Gómez Berisso and J.L. Harton and M. Healy and M. Kaducak and P. Mantsch and P.O. Mazur and C. Newman-Holmes and I. Pepe and I. Rodriguez-Cabo and H. Salazar and N. Smetniansky-De Grande and D. Warner},
  Journal                  = {Nuclear Instruments and Methods in Physics Research Section A: Accelerators, Spectrometers, Detectors and Associated Equipment },
  Year                     = {2008},
  Number                   = {3},
  Pages                    = {409 - 420},
  Volume                   = {586},

  Doi                      = {http://dx.doi.org/10.1016/j.nima.2007.12.016},
  ISSN                     = {0168-9002},
  Keywords                 = {Pierre Auger Observatory},
  Url                      = {http://www.sciencedirect.com/science/article/pii/S0168900207024680}
}

@Misc{arXiv1002.1810,
  Author                   = {A. de Angelis},
  Year                     = {ArXiv e-prints 1002.181v2, 2010},

  Journal                  = {ArXiv e-prints 1002.181v2}
}

@Article{RevModPhys.11.288,
  Title                    = {Extensive Cosmic-Ray Showers},
  Author                   = {Auger, Pierre and Ehrenfest, P. and Maze, R. and Daudin, J. and Fr\'eon, Robley A.},
  Journal                  = {Rev. Mod. Phys.},
  Year                     = {1939},

  Month                    = {Jul},
  Pages                    = {288--291},
  Volume                   = {11},

  Doi                      = {10.1103/RevModPhys.11.288},
  Issue                    = {3-4},
  Numpages                 = {0},
  Publisher                = {American Physical Society},
  Url                      = {http://link.aps.org/doi/10.1103/RevModPhys.11.288}
}

@Article{Ave2007180,
  Title                    = {{The accuracy of signal measurement with the water Cherenkov detectors of the Pierre Auger Observatory }},
  Author                   = {M. Ave and P. Bauleo and A. Castellina and A. Chou and J.L. Harton and R. Knapik and G. Navarra},
  Journal                  = {Nuclear Instruments and Methods in Physics Research Section A: Accelerators, Spectrometers, Detectors and Associated Equipment },
  Year                     = {2007},
  Number                   = {1},
  Pages                    = {180 - 184},
  Volume                   = {578},

  Doi                      = {http://dx.doi.org/10.1016/j.nima.2007.05.150},
  ISSN                     = {0168-9002},
  Keywords                 = {Auger},
  Url                      = {http://www.sciencedirect.com/science/article/pii/S0168900207010248}
}

@Article{RevModPhys.71.S165,
  Title                    = {Cosmic rays: the most energetic particles in the universe},
  Author                   = {Cronin, James W.},
  Journal                  = {Rev. Mod. Phys.},
  Year                     = {1999},

  Month                    = {Mar},
  Pages                    = {S165--S172},
  Volume                   = {71},

  Doi                      = {10.1103/RevModPhys.71.S165},
  Issue                    = {2},
  Numpages                 = {0},
  Publisher                = {American Physical Society},
  Url                      = {http://link.aps.org/doi/10.1103/RevModPhys.71.S165}
}

@TechReport{GAP1994-034,
  Title                    = {Hybrid Operation Under Moonlight },
  Author                   = {{Dawson}, B and {Smith}, A},
  Institution              = {GAP Note 1996-034, Pierre Auger Collaboration},
  Year                     = {1996}
}

@Article{hess,
  Title                    = {{Über Beobachtungen der durchdringenden Strahlung bei sieben Freiballonfahrten}},
  Author                   = {F. Hess, V.},
  Journal                  = {{Physikalische Zeitschrift}},
  Year                     = {1912},

  Month                    = {November},
  Pages                    = {1084--1091},
  Volume                   = {13}
}

@Article{0034-4885-66-7-202,
  Title                    = {Energy spectrum and mass composition of high-energy cosmic rays},
  Author                   = {Andreas Haungs and Heinigerd Rebel and Markus Roth},
  Journal                  = {Reports on Progress in Physics},
  Year                     = {2003},
  Number                   = {7},
  Pages                    = {1145},
  Volume                   = {66},

  Url                      = {http://stacks.iop.org/0034-4885/66/i=7/a=202}
}

@Book{Heitler,
  Title                    = {The quantum theory of radiation},
  Author                   = {Heitler, W.},
  Publisher                = {(Clarendon Press, Ed. 3, Oxford)},
  Year                     = {1954},

  Address                  = {Oxford},

  Details                  = {http://infoscience.epfl.ch/record/106786},
  Oai-id                   = {oai:infoscience.epfl.ch:106786},
  Oai-set                  = {book},
  Unit                     = {BISCOM}
}

@InProceedings{Hillas,
  Title                    = {{Cerenkov light images of EAS produced by primary gamma}},
  Author                   = {{Hillas}, A.~M.},
  Year                     = {1985},
  Editor                   = {{F.~C.~Jones}},
  Pages                    = {445-448},
  Series                   = {International Cosmic Ray Conference, La Jolla},
  Volume                   = {3},

  Adsnote                  = {Provided by the SAO/NASA Astrophysics Data System},
  Adsurl                   = {http://adsabs.harvard.edu/abs/1985ICRC....3..445H},
  Keywords                 = {CERENKOV RADIATION, COSMIC RAY SHOWERS, GALACTIC NUCLEI, GAMMA RAYS, POINT SOURCES, ANGULAR RESOLUTION, AZIMUTH, FOCAL PLANE DEVICES, GALACTIC RADIATION, HADRONS, LENGTH, MONTE CARLO METHOD, PULSARS, SIMULATION, WIDTH, X RAY BINARIES}
}

@Book{Jelley,
  Title                    = {Cerenkov radiation and its applications},
  Author                   = {Jelley, J. V.},
  Publisher                = {{(Pergamon, London)}},
  Year                     = {1958},

  Address                  = {London},

  Details                  = {http://infoscience.epfl.ch/record/106919},
  Oai-id                   = {oai:infoscience.epfl.ch:106919},
  Oai-set                  = {book},
  Unit                     = {BISCOM}
}

@PhdThesis{kumpel,
  Title                    = {Multivariate Search for a Directional Excess of EeV Photons with
the Pierre Auger Observatory},
  Author                   = {{K\"{u}mpel}, D},
  School                   = {Fachbereich C - Mathematik und Naturwissenschaften Bergische at Universit Wuppertal},
  Year                     = {2011}
}

@Article{2010arXiv1002.1810P,
  Title                    = {{Penetrating Radiation at the Surface of and in Water}},
  Author                   = {{Pacini}, D.},
  Journal                  = {ArXiv e-prints 1002.1810},
  Year                     = {2010},

  Month                    = feb,

  Adsnote                  = {Provided by the SAO/NASA Astrophysics Data System},
  Adsurl                   = {http://adsabs.harvard.edu/abs/2010arXiv1002.1810P},
  Archiveprefix            = {arXiv},
  Eprint                   = {1002.1810},
  Keywords                 = {Physics - History of Physics, Astrophysics - High Energy Astrophysical Phenomena, Astrophysics - Instrumentation and Methods for Astrophysics},
  Primaryclass             = {physics.hist-ph}
}

@PhdThesis{pesce,
  Title                    = {The detection of Ultra-High Energy Cosmic Particles on the Earth and from Space},
  Author                   = {{Pesce},R},
  School                   = {University of Genoa},
  Year                     = {2008}
}

@TechReport{GAP2011-039,
  Title                    = {Nights suitable for measurement with fluorescence detector},
  Author                   = {{Smida}, R},
  Institution              = {GAP Note 2011-039, Pierre Auger Collaboration},
  Year                     = {2011}
}

@Article{1995APh.....3..349S,
  Title                    = {{Capabilities of a giant hybrid air shower detector}},
  Author                   = {{Sommers}, P.},
  Journal                  = {Astroparticle Physics},
  Year                     = {1995},

  Month                    = aug,
  Pages                    = {349-360},
  Volume                   = {3},

  Adsnote                  = {Provided by the SAO/NASA Astrophysics Data System},
  Adsurl                   = {http://adsabs.harvard.edu/abs/1995APh.....3..349S},
  Doi                      = {10.1016/0927-6505(95)00013-7}
}

@Book{9783540851479,
  Title                    = {High Energy Cosmic Rays (Springer Praxis Books)},
  Author                   = {Todor Stanev},
  Publisher                = {Springer},
  Year                     = {2010},

  ISBN                     = {354085147X},
  Url                      = {http://www.amazon.com/Energy-Cosmic-Springer-Praxis-Books/dp/354085147X%3FSubscriptionId%3D0JYN1NVW651KCA56C102%26tag%3Dtechkie-20%26linkCode%3Dxm2%26camp%3D2025%26creative%3D165953%26creativeASIN%3D354085147X}
}

@PhdThesis{2007PhDT.........4Y,
  Title                    = {{Cosmic rays at the ankle: Composition studies using the Pierre Auger Observatory}},
  Author                   = {{Younk}, P.~W.},
  School                   = {Michigan Technological University},
  Year                     = {2007},

  Adsnote                  = {Provided by the SAO/NASA Astrophysics Data System},
  Adsurl                   = {http://adsabs.harvard.edu/abs/2007PhDT.........4Y},
  Keywords                 = {Cosmic rays, Ankle, Pierre Auger Observatory}
}

