@Book{Jelley,
   address   = {London},
   author    = {Jelley, J. V.},
   details   = {http://infoscience.epfl.ch/record/106919},
   oai-id    = {oai:infoscience.epfl.ch:106919},
   oai-set   = {book},
   publisher = "{(Pergamon, London)}",
   title     = {Cerenkov radiation and its applications},
   unit      = {BISCOM},
   year      = 1958
}

@Book{Heitler,
   address   = {Oxford},
   author    = {Heitler, W.},
   details   = {http://infoscience.epfl.ch/record/106786},
   oai-id    = {oai:infoscience.epfl.ch:106786},
   oai-set   = {book},
   publisher = {(Clarendon Press, Ed. 3, Oxford)},
   title     = {The quantum theory of radiation},
   unit      = {BISCOM},
   year      = 1954
}

@INPROCEEDINGS{Hillas,
   author = {{Hillas}, A.~M.},
    title = "{Cerenkov light images of EAS produced by primary gamma}",
 keywords = {CERENKOV RADIATION, COSMIC RAY SHOWERS, GALACTIC NUCLEI, GAMMA RAYS, POINT SOURCES, ANGULAR RESOLUTION, AZIMUTH, FOCAL PLANE DEVICES, GALACTIC RADIATION, HADRONS, LENGTH, MONTE CARLO METHOD, PULSARS, SIMULATION, WIDTH, X RAY BINARIES},
     year = 1985,
   series = {International Cosmic Ray Conference, La Jolla},
   volume = 3,
   editor = "{F.~C.~Jones}",
    pages = {445-448},
   adsurl = {http://adsabs.harvard.edu/abs/1985ICRC....3..445H},
  adsnote = {Provided by the SAO/NASA Astrophysics Data System}
}

@PhdThesis{2007PhDT.........4Y,
   author = {{Younk}, P.~W.},
    title = "{Cosmic rays at the ankle: Composition studies using the Pierre Auger Observatory}",
 keywords = {Cosmic rays, Ankle, Pierre Auger Observatory},
   school = {Michigan Technological University},
     year = 2007,
   adsurl = {http://adsabs.harvard.edu/abs/2007PhDT.........4Y},
  adsnote = {Provided by the SAO/NASA Astrophysics Data System}
}

@article{hess, 
	Author = {F. Hess, V.},
	Title = {{Über Beobachtungen der durchdringenden Strahlung bei sieben Freiballonfahrten}},
	Journal = {{Physikalische Zeitschrift}},
	Volume = {13},
	Pages = {1084--1091},
	Month = {November},
	Year = {1912}
} 

@Article{2010arXiv1002.1810P,
   author = {{Pacini}, D.},
    title = "{Penetrating Radiation at the Surface of and in Water}",
  journal = {ArXiv e-prints 1002.1810},
archivePrefix = "arXiv",
   eprint = {1002.1810},
 primaryClass = "physics.hist-ph",
 keywords = {Physics - History of Physics, Astrophysics - High Energy Astrophysical Phenomena, Astrophysics - Instrumentation and Methods for Astrophysics},
     year = 2010,
    month = feb,
   adsurl = {http://adsabs.harvard.edu/abs/2010arXiv1002.1810P},
  adsnote = {Provided by the SAO/NASA Astrophysics Data System}
}

@Misc{arXiv1002.1810,
author = {A. de Angelis},
journal = {ArXiv e-prints 1002.181v2},
year = {ArXiv e-prints 1002.181v2, 2010}
}

@book{9783540851479,
  Author = {Todor Stanev},
  Title = {High Energy Cosmic Rays (Springer Praxis Books)},
  Publisher = {Springer},
  Year = {2010},
  ISBN = {354085147X},
  URL = {http://www.amazon.com/Energy-Cosmic-Springer-Praxis-Books/dp/354085147X%3FSubscriptionId%3D0JYN1NVW651KCA56C102%26tag%3Dtechkie-20%26linkCode%3Dxm2%26camp%3D2025%26creative%3D165953%26creativeASIN%3D354085147X}
}

@article{RevModPhys.71.S165,
  title = {Cosmic rays: the most energetic particles in the universe},
  author = {Cronin, James W.},
  journal = {Rev. Mod. Phys.},
  volume = {71},
  issue = {2},
  pages = {S165--S172},
  numpages = {0},
  year = {1999},
  month = {Mar},
  publisher = {American Physical Society},
  doi = {10.1103/RevModPhys.71.S165},
  url = {http://link.aps.org/doi/10.1103/RevModPhys.71.S165}
}

@article{RevModPhys.11.288,
  title = {Extensive Cosmic-Ray Showers},
  author = {Auger, Pierre and Ehrenfest, P. and Maze, R. and Daudin, J. and Fr\'eon, Robley A.},
  journal = {Rev. Mod. Phys.},
  volume = {11},
  issue = {3-4},
  pages = {288--291},
  numpages = {0},
  year = {1939},
  month = {Jul},
  publisher = {American Physical Society},
  doi = {10.1103/RevModPhys.11.288},
  url = {http://link.aps.org/doi/10.1103/RevModPhys.11.288}
}

@PhdThesis{kumpel,
author = {{K\"{u}mpel}, D},
title = {Multivariate Search for a Directional Excess of EeV Photons with
the Pierre Auger Observatory},
school = {Fachbereich C - Mathematik und Naturwissenschaften Bergische at Universit Wuppertal},
year = {2011},
}

@article{0034-4885-66-7-202,
  author={Andreas Haungs and Heinigerd Rebel and Markus Roth},
  title={Energy spectrum and mass composition of high-energy cosmic rays},
  journal={Reports on Progress in Physics},
  volume={66},
  number={7},
  pages={1145},
  url={http://stacks.iop.org/0034-4885/66/i=7/a=202},
  year={2003}
}

@article{Allekotte2008409,
title = "{The surface detector system of the Pierre Auger Observatory} ",
journal = "Nuclear Instruments and Methods in Physics Research Section A: Accelerators, Spectrometers, Detectors and Associated Equipment ",
volume = "586",
number = "3",
pages = "409 - 420",
year = "2008",
note = "",
issn = "0168-9002",
doi = "http://dx.doi.org/10.1016/j.nima.2007.12.016",
url = "http://www.sciencedirect.com/science/article/pii/S0168900207024680",
author = "I. Allekotte and A.F. Barbosa and P. Bauleo and C. Bonifazi and B. Civit and C.O. Escobar and B. García and G. Guedes and M. Gómez Berisso and J.L. Harton and M. Healy and M. Kaducak and P. Mantsch and P.O. Mazur and C. Newman-Holmes and I. Pepe and I. Rodriguez-Cabo and H. Salazar and N. Smetniansky-De Grande and D. Warner",
keywords = "Pierre Auger Observatory",
keywords = "High-energy cosmic rays",
keywords = "Surface detector array",
keywords = "Water-Cherenkov detectors "
}

@inproceedings{Allard:2005vk,
      author         = "Allard, D. and others",
      title          = "{The trigger system of the Pierre Auger Surface Detector:
                        operation, efficiency and stablility}",
      booktitle      = "{29th International Cosmic Ray Conference (ICRC 2005)
                        Pune, India, August 3-11, 2005}",
      collaboration  = "Pierre Auger",
      url            = "http://www.adsabs.harvard.edu/abs/astro-ph/0510320",
      year           = "2005",
      pages          = "287",
      note           = "[7,287(2005)]",
      eprint         = "astro-ph/0510320",
      archivePrefix  = "arXiv",
      primaryClass   = "astro-ph",
      reportNumber   = "FERMILAB-CONF-05-310-E-TD",
      SLACcitation   = "%%CITATION = ASTRO-PH/0510320;%%"
}

@article{Ave2007180,
title = "{The accuracy of signal measurement with the water Cherenkov detectors of the Pierre Auger Observatory }",
journal = "Nuclear Instruments and Methods in Physics Research Section A: Accelerators, Spectrometers, Detectors and Associated Equipment ",
volume = "578",
number = "1",
pages = "180 - 184",
year = "2007",
note = "",
issn = "0168-9002",
doi = "http://dx.doi.org/10.1016/j.nima.2007.05.150",
url = "http://www.sciencedirect.com/science/article/pii/S0168900207010248",
author = "M. Ave and P. Bauleo and A. Castellina and A. Chou and J.L. Harton and R. Knapik and G. Navarra",
keywords = "Auger",
keywords = "Extensive air shower",
keywords = "Cherenkov detector",
keywords = "Cosmic ray "
}

@PhdThesis{pesce,
author = {{Pesce},R},
title = {The detection of Ultra-High Energy Cosmic Particles on the Earth and from Space},
school = {University of Genoa},
year = {2008}
}

@TechReport{GAP1994-034,
author = {{Dawson}, B and {Smith}, A},
title = {Hybrid Operation Under Moonlight },
institution = {GAP Note 1996-034, Pierre Auger Collaboration},
year = {1996}
}

@TechReport{GAP2011-039,
author = {{Smida}, R},
title = {Nights suitable for measurement with fluorescence detector},
institution = {GAP Note 2011-039, Pierre Auger Collaboration},
year = {2011}
}

@ARTICLE{1995APh.....3..349S,
   author = {{Sommers}, P.},
    title = "{Capabilities of a giant hybrid air shower detector}",
  journal = {Astroparticle Physics},
     year = 1995,
    month = aug,
   volume = 3,
    pages = {349-360},
      doi = {10.1016/0927-6505(95)00013-7},
   adsurl = {http://adsabs.harvard.edu/abs/1995APh.....3..349S},
  adsnote = {Provided by the SAO/NASA Astrophysics Data System}
}